<record><leader>00000cas a2200000 i 4500</leader><controlfield tag="001">995175268</controlfield><controlfield tag="008">170727d19972008msuuu ne      0   a0eng  </controlfield><datafield ind1=" " ind2=" " tag="010"><subfield code="a">  2017270503</subfield></datafield><datafield ind1=" " ind2=" " tag="040"><subfield code="a">DLC</subfield><subfield code="b">eng</subfield><subfield code="e">rda</subfield><subfield code="c">DLC</subfield><subfield code="d">OCLCQ</subfield><subfield code="d">DLC</subfield></datafield><datafield ind1=" " ind2=" " tag="042"><subfield code="a">pcc</subfield></datafield><datafield ind1=" " ind2=" " tag="043"><subfield code="a">n-us-ms</subfield></datafield><datafield ind1="0" ind2="0" tag="245"><subfield code="a">DeSoto times today.</subfield></datafield><datafield ind1=" " ind2="1" tag="264"><subfield code="a">[Hernando, Miss.] :</subfield><subfield code="b">[publisher not identified],</subfield><subfield code="c">1997-2008.</subfield></datafield><datafield ind1=" " ind2=" " tag="300"><subfield code="a">volumes</subfield></datafield><datafield ind1=" " ind2=" " tag="336"><subfield code="a">text</subfield><subfield code="b">txt</subfield><subfield code="2">rdacontent</subfield></datafield><datafield ind1=" " ind2=" " tag="337"><subfield code="a">unmediated</subfield><subfield code="b">n</subfield><subfield code="2">rdamedia</subfield></datafield><datafield ind1=" " ind2=" " tag="338"><subfield code="a">volume</subfield><subfield code="b">nc</subfield><subfield code="2">rdacarrier</subfield></datafield><datafield ind1="1" ind2=" " tag="362"><subfield code="a">Began August 29, 1997; ceased September 2, 2008.</subfield></datafield><datafield ind1=" " ind2=" " tag="588"><subfield code="a">Description based on: August 29, 1997; title from masthead.</subfield></datafield><datafield ind1=" " ind2=" " tag="588"><subfield code="a">Latest issue consulted: September 2, 2008.</subfield></datafield><datafield ind1=" " ind2="0" tag="651"><subfield code="a">Hernando (Miss.)</subfield><subfield code="v">Newspapers.</subfield></datafield><datafield ind1=" " ind2=" " tag="752"><subfield code="a">United States</subfield><subfield code="b">Mississippi</subfield><subfield code="c">DeSoto</subfield><subfield code="d">Hernando.</subfield></datafield><datafield ind1="0" ind2="0" tag="780"><subfield code="t">DeSoto times</subfield><subfield code="w">(DLC)sn 88067065</subfield><subfield code="w">(OCoLC)17576873</subfield></datafield><datafield ind1="0" ind2="0" tag="785"><subfield code="t">DeSoto County tribune</subfield><subfield code="w">(DLC)sn 87065179</subfield><subfield code="w">(OCoLC)15253848</subfield></datafield><datafield ind1="0" ind2="0" tag="785"><subfield code="t">DeSoto times-tribune</subfield><subfield code="w">(DLC)  2017270504</subfield><subfield code="w">(OCoLC)995848425</subfield></datafield></record>